<record><leader>00000cas a22000007a 4500</leader><controlfield tag="001">14221833</controlfield><controlfield tag="008">860916d18791887wiuwr ne      0    0ger d</controlfield><datafield ind1=" " ind2=" " tag="010"><subfield code="a">sn 86086562 </subfield></datafield><datafield ind1=" " ind2=" " tag="040"><subfield code="a">NPV</subfield><subfield code="b">eng</subfield><subfield code="c">NPV</subfield><subfield code="d">OCLCQ</subfield></datafield><datafield ind1=" " ind2=" " tag="042"><subfield code="a">msc</subfield></datafield><datafield ind1="0" ind2=" " tag="130"><subfield code="a">Deutscher Beobachter (West Bend, Wis.)</subfield></datafield><datafield ind1="1" ind2="0" tag="245"><subfield code="a">Deutscher Beobachter.</subfield></datafield><datafield ind1="1" ind2="3" tag="246"><subfield code="a">Wo&#776;chentliche Deutscher Beobachter</subfield></datafield><datafield ind1=" " ind2=" " tag="260"><subfield code="a">West Bend, Wis. :</subfield><subfield code="b">Wm. F. Weber</subfield></datafield><datafield ind1=" " ind2=" " tag="300"><subfield code="a">v.</subfield></datafield><datafield ind1=" " ind2=" " tag="310"><subfield code="a">Weekly</subfield></datafield><datafield ind1="1" ind2=" " tag="362"><subfield code="a">Began Jan., 1879.</subfield><subfield code="z">Arndt, K.J. &amp; Olson, M.E. German Lang. Press of the Americas.</subfield></datafield><datafield ind1="1" ind2=" " tag="362"><subfield code="a">Ceased in 1887?</subfield></datafield><datafield ind1=" " ind2=" " tag="588"><subfield code="a">Description based on: Jahrg. 6, nr. 14 (31. Dez., 1885).</subfield></datafield><datafield ind1=" " ind2=" " tag="752"><subfield code="a">United States</subfield><subfield code="b">Wisconsin</subfield><subfield code="c">Washington</subfield><subfield code="d">West Bend.</subfield></datafield></record>